
@article{hare2017,
   author={Hare, Eric and Hofmann, Heike and Carriquiry, Alicia},
   title={Automatic Matching of Bullet Land Impressions},
   journal={The Annals of Applied Statistics},
   volume={11},
   number = {4},
   year=2017,
   pages={2332-2356}
}

@article{nrc2009,
   author={National Research Council},
   title={Strengthening Forensic Science in the United States: A path Forward},
   journal={The National Academis Press},
   year=2009,
}