@Article{hare2017,
  title = {Automatic Matching of Bullet Land Impressions},
  author = {Hare, Eric and Hofmann, Heike and Carriquiry, Alicia},
  journal = {The Annals of Applied Statistics},
  volume={11},
   number = {4},
   year={2017},
   pages={2332-2356}
}

@Article{nrc2009,
  title = {Strengthening Forensic Science in the United States: A path Forward},
  author = {National Research Council},
  journal = {The National Academis Press},
   year= {2009}
}

@Article{chu2010,
  title = {Striation Density for Predicting the Identifiability of Fired Bullets with Automated Inspection Systems},
  author = {Chu, Wei and  Song, John and Vorburger, Theodore and Ballou, Susan},
  journal = {The Journal of Forensic Sciences},
  volume = {55},
   number = {5},
   year = {2010},
   pages = {1222 - 1226}
}

@Article{chu2013,
  title = {Automatic identification of bullet signatures based on consecutive matching striae (CMS) criteria},
  author = {Chu, Wei, and  Song, John, and Vorburger, Theodore, and Thompson, Robert},
  journal = {Forensic Science International},
  volume = {231},
   year = {2013},
   pages = {137-141}
}

@Article{chu2010-ccf,
  title = {Pilot Study of Automated Bullet Signature Identification Based on Topography Measurements and Correlations},
  author = {Chu, Wei, and  Song, John, and Vorburger, Theodore, and Yen, James, and Ballou, Susan, and Bachrach,Benjamin},
  journal = {Forensic Science International},
  number = {2},
   year = {2010},
   pages = {341-347}
}

@Article{Vanderplas2020,
  title = {Comparison of three similarity scores for bullet LEA matching},
  author = {Vanderplas, Susan, and Nally, Melissa, and Klep, Tylor, and Cadevall, Cristina, and Hofmann, Heike},
  journal = {Forensic Science International},
 volume = {308},
   year = {2020}
}

@Article{rice-2019,
  title = {Statistical Approaches to Automated Groove Engraved Area Identification in 3d Bullet Land Scans},
  author = {Rice, Kiegan, and Garton, Nathaniel, and Genschel, Ulrike, and Hofmann, Heike},
  journal = {Manuscript in Preparation},
   year = {2019}
}


